@book{mitchell1997a,
    title = {{Machine Learning}},
    year = {1997},
    author = {Mitchell, Thomas M},
    edition = {1},
    publisher = {McGraw-Hill, Inc.},
    address = {New York, NY, USA},
    isbn = {0070428077, 9780070428072}
}

@book{russel2003,
    title = {{Artificial Intelligence: A Modern Approach}},
    year = {2003},
    author = {Russell, Stuart J and Norvig, Peter},
    edition = {2},
    publisher = {Pearson Education},
    isbn = {0137903952}
}

@misc{Dfass2006,
    title = {{Version Space Learning}},
    year = {2006},
    booktitle = {Wikipedia},
    author = {{Wikipedia: The Free Encyclopedia}},
    pages = {https://en.wikipedia.org/wiki/Version{\_}space{\_}learni},
    url = {https://commons.wikimedia.org/wiki/File%3AVersion_space.png}
}

@misc{WikiVCDim,
    title = {{VC dimension}},
    year = {2012},
    booktitle = {Wikipedia},
    author = {{Wikipedia: The Free Encyclopedia}},
    pages = {https://en.wikipedia.org/wiki/VC{\_}dimension},
    url = {https://en.wikipedia.org/wiki/VC_dimension#/media/File:VC2.svg}
}

@misc{WikiOverfitting,
    title = {{Overfitting}},
    year = {2016},
    booktitle = {Wikipedia},
    author = {Encyclopedia, Wikipedia: The Free},
    pages = {https://en.wikipedia.org/wiki/Overfitting},
    url = {https://en.wikipedia.org/wiki/Overfitting#/media/File:Overfitted_Data.png}
}

@article{VapnikV.N.Chervonenkis1971,
    title = {{On the Uniform Convergence of Relative Frequencies of Events to Their Probabilities}},
    year = {1971},
    journal = {Theory of Probability {\&} Its Applications},
    author = {Vapnik, V.N., Chervonenkis, A. Ya.},
    pages = {264},
    volume = {16}
}